<record><leader>00000cas a22000007a 4500</leader><controlfield tag="001">20310442</controlfield><controlfield tag="008">890907d19151918mouwr ne      0    0eng d</controlfield><datafield ind1=" " ind2=" " tag="010"><subfield code="a">sn 89067021 </subfield></datafield><datafield ind1=" " ind2=" " tag="040"><subfield code="a">MQN</subfield><subfield code="b">eng</subfield><subfield code="c">MQN</subfield><subfield code="d">OCLCQ</subfield></datafield><datafield ind1=" " ind2=" " tag="042"><subfield code="a">msc</subfield></datafield><datafield ind1="0" ind2="4" tag="245"><subfield code="a">The De Soto times.</subfield></datafield><datafield ind1=" " ind2=" " tag="260"><subfield code="a">De Soto, Mo. :</subfield><subfield code="b">Times Pub. Co.,</subfield><subfield code="c">1915-1918.</subfield></datafield><datafield ind1=" " ind2=" " tag="300"><subfield code="a">v.</subfield></datafield><datafield ind1=" " ind2=" " tag="310"><subfield code="a">Weekly</subfield></datafield><datafield ind1="0" ind2=" " tag="362"><subfield code="a">Vol. 1, no. 1 (May 28, 1915)-v. 3, no. 47 (Apr. 12, 1918).</subfield></datafield><datafield ind1=" " ind2=" " tag="752"><subfield code="a">United States</subfield><subfield code="b">Missouri</subfield><subfield code="c">Jefferson</subfield><subfield code="d">De Soto.</subfield></datafield><datafield ind1="0" ind2="4" tag="785"><subfield code="t">Jefferson County republican (De Soto, Mo.)</subfield><subfield code="w">(DLC)sn 86064482</subfield></datafield></record>